@misc{nuxt.js,
  author       = "Nuxt",
  title        = "Dokumentacja platformy programistycznej {N}uxt",
  year         = "2024",
  howpublished = "\url{https://nuxt.com/}",
  note         = "DostÄ™p: 2024-12-02"
}

